@MISC {derivadaGDelta,
    TITLE = {The set where a derivative vanishes is G-delta},
    AUTHOR = {Robert Israel (https://math.stackexchange.com/users/8508/robert-israel)},
    HOWPUBLISHED = {Mathematics Stack Exchange},
    NOTE = {URL:https://math.stackexchange.com/q/1768816 (version: 2016-05-02)},
    EPRINT = {https://math.stackexchange.com/q/1768816},
    URL = {https://math.stackexchange.com/q/1768816}
}
@book{munkres00,
   author = {James R. Munkres},
   year = {2000},
   title = {Topology},
   publisher = {Prentice Hall},
   address = {Upper Saddle River, N.J.}
}
@article{weil76,
   author={Clifford E. Weil},
   title={On Nowhere Monotone Functions},
   journal={American Mathematical Society},
   volume={56},
   year=1976,
   pages={388-389}
}
@article{jones97,
   author={Sara H. Jones},
   title={Applications of the Baire Category Theorem},
   journal={Real Analysis Exchage},
   volume={23},
   year=1997,
   pages={363-394}
}
@misc{cambronero505,
    author    = "Santiago Cambronero",
    title     = "Notas del curso MA-505"
}
@misc{mathOnContUnifDer,
    title     = "Differentiation and Uniformly Convergent Sequences of Functions",
    howpublished = {\url{http://mathonline.wikidot.com/differentiation-and-uniformly-convergent-sequences-of-functi}},
    note = "[En l√≠nea; accesado 28-junio-2019]"	
}

@book{chung96,
	doi = {10.1090/cbms/092},
	url = {https://doi.org/10.1090%2Fcbms%2F092},
	year = 1996,
	month = {dec},
	publisher = {American Mathematical Society},
	author = {Fan Chung},
	title = {Spectral Graph Theory}
}

@article{ricaud19,
	doi = {10.1016/j.crhy.2019.08.003},
	url = {https://doi.org/10.1016%2Fj.crhy.2019.08.003},
	year = 2019,
	month = {jul},
	publisher = {Elsevier {BV}},
	volume = {20},
	number = {5},
	pages = {474--488},
	author = {Benjamin Ricaud and Pierre Borgnat and Nicolas Tremblay and Paulo Gon{\c{c}}alves and Pierre Vandergheynst},
	title = {Fourier could be a data scientist: From graph Fourier transform to signal processing on graphs},
	journal = {Comptes Rendus Physique}
}

@article{shuman16,
	doi = {10.1016/j.acha.2015.02.005},
	url = {https://doi.org/10.1016%2Fj.acha.2015.02.005},
	year = 2016,
	month = {mar},
	publisher = {Elsevier {BV}},
	volume = {40},
	number = {2},
	pages = {260--291},
	author = {David I Shuman and Benjamin Ricaud and Pierre Vandergheynst},
	title = {Vertex-frequency analysis on graphs},
	journal = {Applied and Computational Harmonic Analysis}
}

@misc{pygsp,
  title = {PyGSP: Graph Signal Processing in Python},
  author = {Defferrard, Micha\"el and Martin, Lionel and Pena, Rodrigo and Perraudin, Nathana\"el},
  doi = {10.5281/zenodo.1003157},
  url = {https://github.com/epfl-lts2/pygsp/},
}

@article{Shuman13,
	doi = {10.1109/msp.2012.2235192},
	url = {https://doi.org/10.1109%2Fmsp.2012.2235192},
	year = 2013,
	month = {may},
	publisher = {Institute of Electrical and Electronics Engineers ({IEEE})},
	volume = {30},
	number = {3},
	pages = {83--98},
	author = {D. I. Shuman and S. K. Narang and P. Frossard and A. Ortega and P. Vandergheynst},
	title = {The emerging field of signal processing on graphs: Extending high-dimensional data analysis to networks and other irregular domains},
	journal = {{IEEE} Signal Processing Magazine}
}

@MISC {npatheigen,
    TITLE = {Eigenvalues of an $n-path$},
    AUTHOR = {manifolded (https://math.stackexchange.com/users/621937/manifolded)},
    HOWPUBLISHED = {Mathematics Stack Exchange},
    NOTE = {URL:https://math.stackexchange.com/q/3434292 (version: 2019-11-13)},
    EPRINT = {https://math.stackexchange.com/q/3434292},
    URL = {https://math.stackexchange.com/q/3434292}
}

@book{axler14,
	doi = {10.1007/978-3-319-11080-6},
	url = {https://doi.org/10.1007%2F978-3-319-11080-6},
	year = 2014,
	month = {nov},
	publisher = {Springer International Publishing},
	author = {Sheldon Axler},
	title = {Linear Algebra Done Right}
}

@book{zygmund_2015, place={Boca Raton etc.}, title={Measure and integral: An introduction to real}, publisher={CRC press}, author={Wheeden, Richard L. and Zygmund, Antoni}, year={2015}} 

@MISC {Schauder_then_separable,
    TITLE = {How to prove that if a normed space has Schauder basis, then it is separable? What about the converse?},
    AUTHOR = {Saaqib Mahmood (https://math.stackexchange.com/users/59734/saaqib-mahmood)},
    HOWPUBLISHED = {Mathematics Stack Exchange},
    NOTE = {URL:https://math.stackexchange.com/q/297851 (version: 2019-07-02)},
    EPRINT = {https://math.stackexchange.com/q/297851},
    URL = {https://math.stackexchange.com/q/297851}
}
